<?xml version="1.0" encoding="UTF-8"?>
<record xmlns="http://www.loc.gov/MARC21/slim" xmlns:xsi="http://www.w3.org/2001/XMLSchema-instance" xsi:schemaLocation="http://www.loc.gov/MARC21/slim http://www.loc.gov/standards/marcxml/schema/MARC21slim.xsd">
<leader>     nam a2200265 a 4500</leader>
<controlfield tag="001">001700644</controlfield>
<controlfield tag="003">NNU</controlfield>
<controlfield tag="005">20061010171213.0</controlfield>
<controlfield tag="008">010207s1903    ua c          000 0 ara d</controlfield>
<datafield tag="035" ind1="9" ind2=" ">
<subfield code="a">NYUb12249215</subfield>
</datafield>
<datafield tag="035" ind1=" " ind2=" ">
<subfield code="a">(CStRLIN)NYUG01-B747</subfield>
</datafield>
<datafield tag="040" ind1=" " ind2=" ">
<subfield code="a">NN</subfield>
<subfield code="c">NN</subfield>
</datafield>
<datafield tag="066" ind1=" " ind2=" ">
<subfield code="c">(3</subfield>
</datafield>
<datafield tag="090" ind1=" " ind2=" ">
<subfield code="a">BJ1291</subfield>
<subfield code="b">.K5</subfield>
</datafield>
<datafield tag="100" ind1="0" ind2=" ">
<subfield code="a">Khazʻal Khān,</subfield>
<subfield code="c">Amir of Muḥammarah,</subfield>
<subfield code="d">d. 1936</subfield>
<subfield code="6">880-01</subfield>
</datafield>
<datafield tag="240" ind1="1" ind2="0">
<subfield code="6">880-02</subfield>
<subfield code="a">Riyāḍ al-khazʻalīyah fī al-siyāsah al-insānīyah</subfield>
</datafield>
<datafield tag="245" ind1="1" ind2="0">
<subfield code="6">880-03</subfield>
<subfield code="a">Kitāb riyāḍ al-khazʻalīyah fī al-siyāsah al-insānīyah /</subfield>
<subfield code="c">taʼlīf Khazʻal Khān Muʻizz al-Salṭanah.</subfield>
</datafield>
<datafield tag="260" ind1=" " ind2=" ">
<subfield code="6">880-04</subfield>
<subfield code="a">Miṣr :</subfield>
<subfield code="b">Maṭbaʻat Hindīyah,</subfield>
<subfield code="c">1321 [i.e. 1903 or 4]</subfield>
</datafield>
<datafield tag="300" ind1=" " ind2=" ">
<subfield code="a">2 v. in 1 :</subfield>
<subfield code="b">port. ;</subfield>
<subfield code="c">24 cm.</subfield>
</datafield>
<datafield tag="500" ind1=" " ind2=" ">
<subfield code="a">In Arabic.</subfield>
</datafield>
<datafield tag="650" ind1=" " ind2="0">
<subfield code="a">Islam</subfield>
<subfield code="x">Doctrines.</subfield>
</datafield>
<datafield tag="880" ind1="0" ind2=" ">
<subfield code="6">100-01/</subfield>
<subfield code="a">خزعل خان معز السلطنة.</subfield>
</datafield>
<datafield tag="880" ind1="1" ind2="0">
<subfield code="6">240-02/</subfield>
<subfield code="a">رياض الخزعلية في السياسة الانسانية</subfield>
</datafield>
<datafield tag="880" ind1="1" ind2="0">
<subfield code="6">245-03/</subfield>
<subfield code="a">كتاب رياض الخزعلية في السياسة الانسانية /</subfield>
<subfield code="c">تأليف خزعل خان معز السلطنة سردر ارفع.</subfield>
</datafield>
<datafield tag="880" ind1=" " ind2=" ">
<subfield code="6">260-04/</subfield>
<subfield code="a">مصر :</subfield>
<subfield code="b">مطبعة هندية،</subfield>
<subfield code="c">١٣٢١.</subfield>
</datafield>
<datafield tag="OWN" ind1=" " ind2=" ">
<subfield code="a">GENERAL</subfield>
</datafield>
<datafield tag="998" ind1=" " ind2=" ">
<subfield code="a">20010207</subfield>
<subfield code="d">20010207</subfield>
<subfield code="n">NNU</subfield>
<subfield code="s">1</subfield>
<subfield code="t">c</subfield>
<subfield code="z">p</subfield>
</datafield>
<datafield tag="AVA" ind1=" " ind2=" ">
<subfield code="a">NYU50</subfield>
<subfield code="b">BOBST</subfield>
<subfield code="c">Main Collection</subfield>
<subfield code="d">BJ1291 .K5</subfield>
<subfield code="e">unavailable</subfield>
<subfield code="t">Unavailable</subfield>
<subfield code="f">1</subfield>
<subfield code="g">1</subfield>
<subfield code="h">N</subfield>
<subfield code="i">0</subfield>
<subfield code="j">MAIN</subfield>
<subfield code="k">0</subfield>
</datafield>
</record>
